<record><leader>00000cas a2200000 a 4500</leader><controlfield tag="001">37339269</controlfield><controlfield tag="008">970723d190u1908okudn n       0   a0eng  </controlfield><datafield ind1=" " ind2=" " tag="010"><subfield code="a">sn 97070124 </subfield></datafield><datafield ind1=" " ind2=" " tag="040"><subfield code="a">OBN</subfield><subfield code="b">eng</subfield><subfield code="c">OBN</subfield><subfield code="d">OCLCQ</subfield><subfield code="d">DLC</subfield><subfield code="d">OCLCF</subfield></datafield><datafield ind1=" " ind2=" " tag="012"><subfield code="l">a</subfield></datafield><datafield ind1="0" ind2=" " tag="022"><subfield code="a">2163-8063</subfield><subfield code="2">1</subfield></datafield><datafield ind1="1" ind2=" " tag="029"><subfield code="a">AU@</subfield><subfield code="b">000013414519</subfield></datafield><datafield ind1=" " ind2=" " tag="042"><subfield code="a">pcc</subfield><subfield code="a">nsdp</subfield></datafield><datafield ind1="0" ind2="0" tag="050"><subfield code="a">Newspaper</subfield></datafield><datafield ind1="1" ind2="0" tag="082"><subfield code="a">070</subfield><subfield code="2">14</subfield></datafield><datafield ind1="0" ind2=" " tag="130"><subfield code="a">Daily democrat (Anadarko, Okla. : 1905)</subfield></datafield><datafield ind1=" " ind2="4" tag="222"><subfield code="a">The Daily democrat</subfield><subfield code="b">(Anadarko, Okla. 1905)</subfield></datafield><datafield ind1="1" ind2="4" tag="245"><subfield code="a">The Daily democrat.</subfield></datafield><datafield ind1=" " ind2=" " tag="260"><subfield code="a">Anadarko, Okla. :</subfield><subfield code="b">Herndon Bros.</subfield></datafield><datafield ind1=" " ind2=" " tag="300"><subfield code="a">v.</subfield></datafield><datafield ind1=" " ind2=" " tag="310"><subfield code="a">Daily (except Sun.)</subfield></datafield><datafield ind1="0" ind2=" " tag="362"><subfield code="a">-v. 7, no. 254 (Nov. 19, 1908).</subfield></datafield><datafield ind1=" " ind2=" " tag="530"><subfield code="a">Archived issues are available in digital format as part of the Library of Congress Chronicling America online collection.</subfield></datafield><datafield ind1=" " ind2=" " tag="580"><subfield code="a">Weekly eds.: Anadarko democrat (Anadarlo, Okla. : 1901), [1901-1908], and: Weekly democrat and Caddo County democrat, [Oct-Nov. 1908].</subfield></datafield><datafield ind1=" " ind2=" " tag="588"><subfield code="a">Description based on: Vol. 5, no. 23 (Sept. 11, 1905).</subfield></datafield><datafield ind1=" " ind2="0" tag="651"><subfield code="a">Anadarko (Okla.)</subfield><subfield code="v">Newspapers.</subfield></datafield><datafield ind1=" " ind2="0" tag="651"><subfield code="a">Caddo County (Okla.)</subfield><subfield code="v">Newspapers.</subfield></datafield><datafield ind1=" " ind2="7" tag="655"><subfield code="a">Newspapers.</subfield><subfield code="2">fast</subfield><subfield code="0">(OCoLC)fst01423814</subfield></datafield><datafield ind1=" " ind2="7" tag="651"><subfield code="a">Oklahoma</subfield><subfield code="z">Anadarko.</subfield><subfield code="2">fast</subfield><subfield code="0">(OCoLC)fst01221651</subfield></datafield><datafield ind1=" " ind2="7" tag="651"><subfield code="a">Oklahoma</subfield><subfield code="z">Caddo County.</subfield><subfield code="2">fast</subfield><subfield code="0">(OCoLC)fst01223117</subfield></datafield><datafield ind1=" " ind2=" " tag="752"><subfield code="a">United States</subfield><subfield code="b">Oklahoma</subfield><subfield code="c">Caddo</subfield><subfield code="d">Anadarko.</subfield></datafield><datafield ind1="0" ind2=" " tag="775"><subfield code="t">Anadarko democrat (Anadarko, Okla. : 1901)</subfield><subfield code="w">(DLC)sn 97070128</subfield><subfield code="w">(OCoLC)37339450</subfield></datafield><datafield ind1="0" ind2=" " tag="775"><subfield code="t">Weekly democrat and Caddo County democrat</subfield><subfield code="w">(DLC)sn 97070130</subfield><subfield code="w">(OCoLC)37339712</subfield></datafield><datafield ind1="0" ind2="0" tag="780"><subfield code="t">Anadarko daily democrat (Anadarko, Okla. : 1901)</subfield><subfield code="x">2163-8047</subfield><subfield code="w">(DLC)sn 97070123</subfield><subfield code="w">(OCoLC)37339204</subfield></datafield><datafield ind1="0" ind2="0" tag="785"><subfield code="t">Anadarko daily democrat (Anadarko, Okla. : 1908)</subfield><subfield code="x">2163-8071</subfield><subfield code="w">(DLC)sn 97070125</subfield><subfield code="w">(OCoLC)37339304</subfield></datafield><datafield ind1="4" ind2="1" tag="856"><subfield code="u">http://www.loc.gov/chroniclingamerica/lccn/sn97070124/issues</subfield></datafield></record>